%%%%%%%%%%% biblio.bib %%%%%%%%%%%%%%%%%%%
@BOOK{KnD,
	AUTHOR={Helmut Kopka and Patrick W. Daly},
	TITLE={A Guide to LaTeX},
	EDITION={fourth},
	PUBLISHER={Addison-Wesley},
	ADDRESS={Boston, MA},
	YEAR={2004}
}

@BOOK{Lam,
	AUTHOR={Leslie Lamport},
	TITLE={LaTeX: A Documentation Preparation System},
	EDITION={second},
    PUBLISHER={Addison-Wesley},
    ADDRESS={Boston, MA},
	YEAR={1994}
}

@MISC{Has,
	AUTHOR={Chandra Has},
    TITLE={\itshape {A} {C}omplete {B}ook {W}riting in {L}a{T}e{X}\upshape},
    MONTH={November},
    YEAR={2018},
    NOTE={\newline\ttfamily https://youtu.be/TyTx-BuLFh0 \rmfamily accessed July 2021}
}